<record><leader>00000cas a22000007a 4500</leader><controlfield tag="001">36100724</controlfield><controlfield tag="008">961217d186u18uuwvumr ne      0    0eng d</controlfield><datafield ind1=" " ind2=" " tag="010"><subfield code="a">sn 96096595 </subfield></datafield><datafield ind1=" " ind2=" " tag="040"><subfield code="a">NVK</subfield><subfield code="b">eng</subfield><subfield code="c">NVK</subfield><subfield code="d">OCL</subfield><subfield code="d">NVK</subfield><subfield code="d">OCLCQ</subfield></datafield><datafield ind1=" " ind2=" " tag="042"><subfield code="a">msc</subfield></datafield><datafield ind1=" " ind2=" " tag="043"><subfield code="a">n-us-wv</subfield></datafield><datafield ind1="0" ind2=" " tag="130"><subfield code="a">Little joker (Holliday's Cove, W. Va.)</subfield></datafield><datafield ind1="1" ind2="4" tag="245"><subfield code="a">The Little joker.</subfield></datafield><datafield ind1=" " ind2=" " tag="260"><subfield code="a">Holliday's Cove, W. Va. :</subfield><subfield code="b">[s.n.]</subfield></datafield><datafield ind1=" " ind2=" " tag="300"><subfield code="a">v.</subfield></datafield><datafield ind1=" " ind2=" " tag="310"><subfield code="a">Monthly</subfield></datafield><datafield ind1=" " ind2=" " tag="588"><subfield code="a">Description based on: Vol. 2, no. 5, Whole no. 17, (Nov. 1868).</subfield></datafield><datafield ind1=" " ind2="0" tag="651"><subfield code="a">Holliday's Cove (W. Va.)</subfield><subfield code="v">Newspapers.</subfield></datafield><datafield ind1=" " ind2=" " tag="752"><subfield code="a">United States</subfield><subfield code="b">West Virginia</subfield><subfield code="c">Hancock</subfield><subfield code="d">Holliday's Cove.</subfield></datafield><datafield ind1=" " ind2=" " tag="936"><subfield code="a">Nov. 1868 LIC.</subfield></datafield></record>